@inproceedings{Klinger2017,
  author = {Klinger, Roman},
  editor = {Frasincar, Flavius and Ittoo, Ashwin and Nguyen, Le
                  Minh and M{\'e}tais, Elisabeth},
  title = {Does Optical Character Recognition and Caption
                  Generation Improve Emotion Detection in Microblog
                  Posts?},
  booktitle = {Natural Language Processing and Information Systems:
                  22nd International Conference on Applications of
                  Natural Language to Information Systems, NLDB 2017,
                  Li{\`e}ge, Belgium, June 21-23, 2017, Proceedings},
  year = {2017},
  publisher = {Springer International Publishing},
  address = {Cham},
  pages = {313--319},
  isbn = {978-3-319-59569-6},
  doi = {10.1007/978-3-319-59569-6_39},
  url = {http://dx.doi.org/10.1007/978-3-319-59569-6_39},
  pdf = {http://www.romanklinger.de/publications/klinger2017-nldb.pdf}
}

@article{de2016representation,
  title={Representation learning for very short texts using weighted word embedding aggregation},
  author={De Boom, Cedric and Van Canneyt, Steven and Demeester, Thomas and Dhoedt, Bart},
  journal={Pattern Recognition Letters},
  volume={80},
  pages={150--156},
  year={2016},
  publisher={Elsevier}
}
